%YAML 1.1
%TAG !u! tag:unity3d.com,2011:
--- !u!1 &1019797402475315609
GameObject:
  m_ObjectHideFlags: 0
  m_CorrespondingSourceObject: {fileID: 0}
  m_PrefabInstance: {fileID: 0}
  m_PrefabAsset: {fileID: 0}
  serializedVersion: 6
  m_Component:
  - component: {fileID: 1019797402475315614}
  - component: {fileID: 1019797402475315612}
  - component: {fileID: 1019797402475315615}
  m_Layer: 5
  m_Name: Text (TMP)
  m_TagString: Untagged
  m_Icon: {fileID: 0}
  m_NavMeshLayer: 0
  m_StaticEditorFlags: 0
  m_IsActive: 1
--- !u!224 &1019797402475315614
RectTransform:
  m_ObjectHideFlags: 0
  m_CorrespondingSourceObject: {fileID: 0}
  m_PrefabInstance: {fileID: 0}
  m_PrefabAsset: {fileID: 0}
  m_GameObject: {fileID: 1019797402475315609}
  m_LocalRotation: {x: 0, y: 0, z: 0, w: 1}
  m_LocalPosition: {x: 0, y: 0, z: 0}
  m_LocalScale: {x: 1, y: 1, z: 1}
  m_ConstrainProportionsScale: 0
  m_Children: []
  m_Father: {fileID: 1019797403887832926}
  m_RootOrder: 0
  m_LocalEulerAnglesHint: {x: 0, y: 0, z: 0}
  m_AnchorMin: {x: 0, y: 0}
  m_AnchorMax: {x: 1, y: 1}
  m_AnchoredPosition: {x: 0, y: 0}
  m_SizeDelta: {x: 0, y: 0}
  m_Pivot: {x: 0.5, y: 0.5}
--- !u!222 &1019797402475315612
CanvasRenderer:
  m_ObjectHideFlags: 0
  m_CorrespondingSourceObject: {fileID: 0}
  m_PrefabInstance: {fileID: 0}
  m_PrefabAsset: {fileID: 0}
  m_GameObject: {fileID: 1019797402475315609}
  m_CullTransparentMesh: 0
--- !u!114 &1019797402475315615
MonoBehaviour:
  m_ObjectHideFlags: 0
  m_CorrespondingSourceObject: {fileID: 0}
  m_PrefabInstance: {fileID: 0}
  m_PrefabAsset: {fileID: 0}
  m_GameObject: {fileID: 1019797402475315609}
  m_Enabled: 1
  m_EditorHideFlags: 0
  m_Script: {fileID: 11500000, guid: f4688fdb7df04437aeb418b961361dc5, type: 3}
  m_Name: 
  m_EditorClassIdentifier: 
  m_Material: {fileID: 0}
  m_Color: {r: 1, g: 1, b: 1, a: 1}
  m_RaycastTarget: 1
  m_RaycastPadding: {x: 0, y: 0, z: 0, w: 0}
  m_Maskable: 1
  m_OnCullStateChanged:
    m_PersistentCalls:
      m_Calls: []
  m_text: '> MOVE CAMERA TO'
  m_isRightToLeft: 0
  m_fontAsset: {fileID: 11400000, guid: 98eb1ccbc6e52e844a544247552fec19, type: 2}
  m_sharedMaterial: {fileID: -300645915137463188, guid: 98eb1ccbc6e52e844a544247552fec19,
    type: 2}
  m_fontSharedMaterials: []
  m_fontMaterial: {fileID: 0}
  m_fontMaterials: []
  m_fontColor32:
    serializedVersion: 2
    rgba: 4294967295
  m_fontColor: {r: 1, g: 1, b: 1, a: 1}
  m_enableVertexGradient: 0
  m_colorMode: 3
  m_fontColorGradient:
    topLeft: {r: 1, g: 1, b: 1, a: 1}
    topRight: {r: 1, g: 1, b: 1, a: 1}
    bottomLeft: {r: 1, g: 1, b: 1, a: 1}
    bottomRight: {r: 1, g: 1, b: 1, a: 1}
  m_fontColorGradientPreset: {fileID: 0}
  m_spriteAsset: {fileID: 0}
  m_tintAllSprites: 0
  m_StyleSheet: {fileID: 0}
  m_TextStyleHashCode: -1183493901
  m_overrideHtmlColors: 0
  m_faceColor:
    serializedVersion: 2
    rgba: 4294967295
  m_fontSize: 40.25
  m_fontSizeBase: 24
  m_fontWeight: 400
  m_enableAutoSizing: 1
  m_fontSizeMin: 18
  m_fontSizeMax: 72
  m_fontStyle: 0
  m_HorizontalAlignment: 2
  m_VerticalAlignment: 512
  m_textAlignment: 65535
  m_characterSpacing: 0
  m_wordSpacing: 0
  m_lineSpacing: 0
  m_lineSpacingMax: 0
  m_paragraphSpacing: 0
  m_charWidthMaxAdj: 0
  m_enableWordWrapping: 1
  m_wordWrappingRatios: 0.4
  m_overflowMode: 0
  m_linkedTextComponent: {fileID: 0}
  parentLinkedComponent: {fileID: 0}
  m_enableKerning: 1
  m_enableExtraPadding: 0
  checkPaddingRequired: 0
  m_isRichText: 1
  m_parseCtrlCharacters: 1
  m_isOrthographic: 1
  m_isCullingEnabled: 0
  m_horizontalMapping: 0
  m_verticalMapping: 0
  m_uvLineOffset: 0
  m_geometrySortingOrder: 0
  m_IsTextObjectScaleStatic: 0
  m_VertexBufferAutoSizeReduction: 0
  m_useMaxVisibleDescender: 1
  m_pageToDisplay: 1
  m_margin: {x: 0, y: 0, z: 0, w: 0}
  m_isUsingLegacyAnimationComponent: 0
  m_isVolumetricText: 0
  m_hasFontAssetChanged: 0
  m_baseMaterial: {fileID: 0}
  m_maskOffset: {x: 0, y: 0, z: 0, w: 0}
--- !u!1 &1019797403887832921
GameObject:
  m_ObjectHideFlags: 0
  m_CorrespondingSourceObject: {fileID: 0}
  m_PrefabInstance: {fileID: 0}
  m_PrefabAsset: {fileID: 0}
  serializedVersion: 6
  m_Component:
  - component: {fileID: 1019797403887832926}
  - component: {fileID: 1019797403887832925}
  - component: {fileID: 1019797403887832924}
  - component: {fileID: 1019797403887832927}
  - component: {fileID: 1019797403887832920}
  m_Layer: 5
  m_Name: MoveCameraTotn
  m_TagString: Untagged
  m_Icon: {fileID: 0}
  m_NavMeshLayer: 0
  m_StaticEditorFlags: 0
  m_IsActive: 1
--- !u!224 &1019797403887832926
RectTransform:
  m_ObjectHideFlags: 0
  m_CorrespondingSourceObject: {fileID: 0}
  m_PrefabInstance: {fileID: 0}
  m_PrefabAsset: {fileID: 0}
  m_GameObject: {fileID: 1019797403887832921}
  m_LocalRotation: {x: -0, y: -0, z: -0, w: 1}
  m_LocalPosition: {x: 0, y: 0, z: 0}
  m_LocalScale: {x: 1, y: 1, z: 1}
  m_ConstrainProportionsScale: 0
  m_Children:
  - {fileID: 1019797402475315614}
  m_Father: {fileID: 8971152690849434941}
  m_RootOrder: 2
  m_LocalEulerAnglesHint: {x: 0, y: 0, z: 0}
  m_AnchorMin: {x: 0, y: 0}
  m_AnchorMax: {x: 0, y: 0}
  m_AnchoredPosition: {x: 208.04, y: 199.28}
  m_SizeDelta: {x: 416.07614, y: 54.864624}
  m_Pivot: {x: 0.5, y: 0.5}
--- !u!222 &1019797403887832925
CanvasRenderer:
  m_ObjectHideFlags: 0
  m_CorrespondingSourceObject: {fileID: 0}
  m_PrefabInstance: {fileID: 0}
  m_PrefabAsset: {fileID: 0}
  m_GameObject: {fileID: 1019797403887832921}
  m_CullTransparentMesh: 0
--- !u!114 &1019797403887832924
MonoBehaviour:
  m_ObjectHideFlags: 0
  m_CorrespondingSourceObject: {fileID: 0}
  m_PrefabInstance: {fileID: 0}
  m_PrefabAsset: {fileID: 0}
  m_GameObject: {fileID: 1019797403887832921}
  m_Enabled: 1
  m_EditorHideFlags: 0
  m_Script: {fileID: 11500000, guid: fe87c0e1cc204ed48ad3b37840f39efc, type: 3}
  m_Name: 
  m_EditorClassIdentifier: 
  m_Material: {fileID: 0}
  m_Color: {r: 0.10234957, g: 0.5133762, b: 0.8679245, a: 1}
  m_RaycastTarget: 1
  m_RaycastPadding: {x: 0, y: 0, z: 0, w: 0}
  m_Maskable: 1
  m_OnCullStateChanged:
    m_PersistentCalls:
      m_Calls: []
  m_Sprite: {fileID: 21300000, guid: 634fc578be5db0948bc004936ea7c2f6, type: 3}
  m_Type: 0
  m_PreserveAspect: 0
  m_FillCenter: 1
  m_FillMethod: 4
  m_FillAmount: 1
  m_FillClockwise: 1
  m_FillOrigin: 0
  m_UseSpriteMesh: 0
  m_PixelsPerUnitMultiplier: 1
--- !u!114 &1019797403887832927
MonoBehaviour:
  m_ObjectHideFlags: 0
  m_CorrespondingSourceObject: {fileID: 0}
  m_PrefabInstance: {fileID: 0}
  m_PrefabAsset: {fileID: 0}
  m_GameObject: {fileID: 1019797403887832921}
  m_Enabled: 1
  m_EditorHideFlags: 0
  m_Script: {fileID: 11500000, guid: 4e29b1a8efbd4b44bb3f3716e73f07ff, type: 3}
  m_Name: 
  m_EditorClassIdentifier: 
  m_Navigation:
    m_Mode: 3
    m_WrapAround: 0
    m_SelectOnUp: {fileID: 0}
    m_SelectOnDown: {fileID: 0}
    m_SelectOnLeft: {fileID: 0}
    m_SelectOnRight: {fileID: 0}
  m_Transition: 1
  m_Colors:
    m_NormalColor: {r: 1, g: 1, b: 1, a: 1}
    m_HighlightedColor: {r: 0.9607843, g: 0.9607843, b: 0.9607843, a: 1}
    m_PressedColor: {r: 0.78431374, g: 0.78431374, b: 0.78431374, a: 1}
    m_SelectedColor: {r: 0.9607843, g: 0.9607843, b: 0.9607843, a: 1}
    m_DisabledColor: {r: 0.78431374, g: 0.78431374, b: 0.78431374, a: 0.5019608}
    m_ColorMultiplier: 1
    m_FadeDuration: 0.1
  m_SpriteState:
    m_HighlightedSprite: {fileID: 0}
    m_PressedSprite: {fileID: 0}
    m_SelectedSprite: {fileID: 0}
    m_DisabledSprite: {fileID: 0}
  m_AnimationTriggers:
    m_NormalTrigger: Normal
    m_HighlightedTrigger: Highlighted
    m_PressedTrigger: Pressed
    m_SelectedTrigger: Selected
    m_DisabledTrigger: Disabled
  m_Interactable: 1
  m_TargetGraphic: {fileID: 1019797403887832924}
  m_OnClick:
    m_PersistentCalls:
      m_Calls: []
--- !u!114 &1019797403887832920
MonoBehaviour:
  m_ObjectHideFlags: 0
  m_CorrespondingSourceObject: {fileID: 0}
  m_PrefabInstance: {fileID: 0}
  m_PrefabAsset: {fileID: 0}
  m_GameObject: {fileID: 1019797403887832921}
  m_Enabled: 1
  m_EditorHideFlags: 0
  m_Script: {fileID: 11500000, guid: 23212b8f380e8e744aac0d2050c50172, type: 3}
  m_Name: 
  m_EditorClassIdentifier: 
  targetObjs:
  - {fileID: 8971152690564941396}
  - {fileID: 8971152690147159358}
--- !u!1 &7964170355332711403
GameObject:
  m_ObjectHideFlags: 0
  m_CorrespondingSourceObject: {fileID: 0}
  m_PrefabInstance: {fileID: 0}
  m_PrefabAsset: {fileID: 0}
  serializedVersion: 6
  m_Component:
  - component: {fileID: 7964170355332711377}
  - component: {fileID: 7964170355332711406}
  - component: {fileID: 7964170355332711407}
  - component: {fileID: 7964170355332711402}
  m_Layer: 0
  m_Name: TouchCamera
  m_TagString: MainCamera
  m_Icon: {fileID: 0}
  m_NavMeshLayer: 0
  m_StaticEditorFlags: 0
  m_IsActive: 1
--- !u!4 &7964170355332711377
Transform:
  m_ObjectHideFlags: 0
  m_CorrespondingSourceObject: {fileID: 0}
  m_PrefabInstance: {fileID: 0}
  m_PrefabAsset: {fileID: 0}
  m_GameObject: {fileID: 7964170355332711403}
  m_LocalRotation: {x: 0.2588191, y: -0, z: -0, w: 0.9659258}
  m_LocalPosition: {x: -553.94446, y: -252.00555, z: 43.72222}
  m_LocalScale: {x: 0.5555556, y: 0.5555556, z: 0.5555556}
  m_ConstrainProportionsScale: 0
  m_Children: []
  m_Father: {fileID: 8971152690849434941}
  m_RootOrder: 4
  m_LocalEulerAnglesHint: {x: 30, y: 0, z: 0}
--- !u!20 &7964170355332711406
Camera:
  m_ObjectHideFlags: 0
  m_CorrespondingSourceObject: {fileID: 0}
  m_PrefabInstance: {fileID: 0}
  m_PrefabAsset: {fileID: 0}
  m_GameObject: {fileID: 7964170355332711403}
  m_Enabled: 1
  serializedVersion: 2
  m_ClearFlags: 1
  m_BackGroundColor: {r: 0.9245283, g: 0.9245283, b: 0.9245283, a: 0}
  m_projectionMatrixMode: 1
  m_GateFitMode: 2
  m_FOVAxisMode: 0
  m_SensorSize: {x: 36, y: 24}
  m_LensShift: {x: 0, y: 0}
  m_FocalLength: 50
  m_NormalizedViewPortRect:
    serializedVersion: 2
    x: 0
    y: 0
    width: 1
    height: 1
  near clip plane: 0.01
  far clip plane: 1000
  field of view: 50
  orthographic: 0
  orthographic size: 10
  m_Depth: -1
  m_CullingMask:
    serializedVersion: 2
    m_Bits: 4294967295
  m_RenderingPath: -1
  m_TargetTexture: {fileID: 0}
  m_TargetDisplay: 0
  m_TargetEye: 3
  m_HDR: 0
  m_AllowMSAA: 1
  m_AllowDynamicResolution: 0
  m_ForceIntoRT: 0
  m_OcclusionCulling: 1
  m_StereoConvergence: 10
  m_StereoSeparation: 0.022
--- !u!81 &7964170355332711407
AudioListener:
  m_ObjectHideFlags: 0
  m_CorrespondingSourceObject: {fileID: 0}
  m_PrefabInstance: {fileID: 0}
  m_PrefabAsset: {fileID: 0}
  m_GameObject: {fileID: 7964170355332711403}
  m_Enabled: 1
--- !u!114 &7964170355332711402
MonoBehaviour:
  m_ObjectHideFlags: 0
  m_CorrespondingSourceObject: {fileID: 0}
  m_PrefabInstance: {fileID: 0}
  m_PrefabAsset: {fileID: 0}
  m_GameObject: {fileID: 7964170355332711403}
  m_Enabled: 1
  m_EditorHideFlags: 0
  m_Script: {fileID: 11500000, guid: 1380e39c5d498ef4783240a63a2c73c1, type: 3}
  m_Name: 
  m_EditorClassIdentifier: 
  defaultMode: 0
  rightClickDrag: 0
  middleClickDrag: 0
  oneFingerDrag: 1
  twoFingerDrag: 0
  twoFingerPinch: 0
  scrollWheel: 0
  groundHeight: 0
  groundHeightAnim:
    halfLife: 0.1
    distanceFromTargetToComplete: 0
  allowPitchRotation: 1
  PitchSensitivity: 0.25
  PitchClamp: 1
  PitchMinMax: {x: -90, y: 90}
  allowYawRotation: 1
  YawSensitivity: 0.25
  YawClamp: 0
  YawMinMax: {x: 5, y: 90}
  maxTranslationSpeed: 3
  focusRadiusMultiplier: 1
  followMove:
    halfLife: 0.1
    distanceFromTargetToComplete: 0.05
  enableTranslationInertia: 0
  positionInertiaMove:
    moveType: 0
    maxVelocity: 0
    minVelocity: 0
    A: 0
    B: 0
    D: 0
    logBase: 0
  positionAcceleration:
    samples: 22
    maxMagnitude: 0
  positionInertiaForce: 1
  enableRotationInertia: 0
  rotationInertiaMove:
    moveType: 0
    maxVelocity: 0
    minVelocity: 0
    A: 0
    B: 0
    D: 0
    logBase: 0
  rotationAcceleration:
    samples: 22
    maxMagnitude: 0
  rotationInertiaForce: 1
  minMaxDistance: {x: 3, y: 30}
  initDistance: 10
  zoomSmoothness: 0
  fov: 55
  focusDistanceMultiplier: 1
  maxDistance: 100
  layerMask:
    serializedVersion: 2
    m_Bits: 4294967295
  plane: {fileID: 8971152689963108803}
  sphere: {fileID: 0}
--- !u!1 &8971152689963108413
GameObject:
  m_ObjectHideFlags: 0
  m_CorrespondingSourceObject: {fileID: 0}
  m_PrefabInstance: {fileID: 0}
  m_PrefabAsset: {fileID: 0}
  serializedVersion: 6
  m_Component:
  - component: {fileID: 8971152689963108412}
  - component: {fileID: 8971152689963108803}
  m_Layer: 0
  m_Name: Plane
  m_TagString: Untagged
  m_Icon: {fileID: 0}
  m_NavMeshLayer: 0
  m_StaticEditorFlags: 0
  m_IsActive: 1
--- !u!4 &8971152689963108412
Transform:
  m_ObjectHideFlags: 0
  m_CorrespondingSourceObject: {fileID: 0}
  m_PrefabInstance: {fileID: 0}
  m_PrefabAsset: {fileID: 0}
  m_GameObject: {fileID: 8971152689963108413}
  m_LocalRotation: {x: -0, y: -0, z: -0, w: 1}
  m_LocalPosition: {x: -533.3334, y: -300, z: 0}
  m_LocalScale: {x: 0.5555556, y: 0.5555556, z: 0.5555556}
  m_ConstrainProportionsScale: 0
  m_Children: []
  m_Father: {fileID: 8971152690849434941}
  m_RootOrder: 3
  m_LocalEulerAnglesHint: {x: 0, y: 0, z: 0}
--- !u!114 &8971152689963108803
MonoBehaviour:
  m_ObjectHideFlags: 0
  m_CorrespondingSourceObject: {fileID: 0}
  m_PrefabInstance: {fileID: 0}
  m_PrefabAsset: {fileID: 0}
  m_GameObject: {fileID: 8971152689963108413}
  m_Enabled: 1
  m_EditorHideFlags: 0
  m_Script: {fileID: 11500000, guid: e167f5141e8fbbb429990fdd6dca01c5, type: 3}
  m_Name: 
  m_EditorClassIdentifier: 
  ClampX: 0
  MinX: 0
  MaxX: 0
  ClampY: 0
  MinY: 0
  MaxY: 0
  SnapX: 0
  SnapY: 0
--- !u!1 &8971152690147159359
GameObject:
  m_ObjectHideFlags: 0
  m_CorrespondingSourceObject: {fileID: 0}
  m_PrefabInstance: {fileID: 0}
  m_PrefabAsset: {fileID: 0}
  serializedVersion: 6
  m_Component:
  - component: {fileID: 8971152690147159358}
  m_Layer: 0
  m_Name: TargetObj
  m_TagString: Untagged
  m_Icon: {fileID: 0}
  m_NavMeshLayer: 0
  m_StaticEditorFlags: 0
  m_IsActive: 1
--- !u!4 &8971152690147159358
Transform:
  m_ObjectHideFlags: 0
  m_CorrespondingSourceObject: {fileID: 0}
  m_PrefabInstance: {fileID: 0}
  m_PrefabAsset: {fileID: 0}
  m_GameObject: {fileID: 8971152690147159359}
  m_LocalRotation: {x: -0.27381673, y: 0.25790736, z: -0.08666481, w: -0.9224953}
  m_LocalPosition: {x: -0.483, y: -0.556, z: 0.487}
  m_LocalScale: {x: 1, y: 1, z: 1}
  m_ConstrainProportionsScale: 0
  m_Children: []
  m_Father: {fileID: 8971152691036579701}
  m_RootOrder: 1
  m_LocalEulerAnglesHint: {x: 33.36, y: 329.144, z: 1.2800001}
--- !u!1 &8971152690564941397
GameObject:
  m_ObjectHideFlags: 0
  m_CorrespondingSourceObject: {fileID: 0}
  m_PrefabInstance: {fileID: 0}
  m_PrefabAsset: {fileID: 0}
  serializedVersion: 6
  m_Component:
  - component: {fileID: 8971152690564941396}
  m_Layer: 0
  m_Name: TargetObj
  m_TagString: Untagged
  m_Icon: {fileID: 0}
  m_NavMeshLayer: 0
  m_StaticEditorFlags: 0
  m_IsActive: 1
--- !u!4 &8971152690564941396
Transform:
  m_ObjectHideFlags: 0
  m_CorrespondingSourceObject: {fileID: 0}
  m_PrefabInstance: {fileID: 0}
  m_PrefabAsset: {fileID: 0}
  m_GameObject: {fileID: 8971152690564941397}
  m_LocalRotation: {x: -0.052170206, y: 0.8835624, z: 0.2824263, w: 0.36990708}
  m_LocalPosition: {x: 0.5, y: 0.57700044, z: -0.5}
  m_LocalScale: {x: 1, y: 1, z: 1}
  m_ConstrainProportionsScale: 0
  m_Children: []
  m_Father: {fileID: 8971152691036579701}
  m_RootOrder: 0
  m_LocalEulerAnglesHint: {x: -32.526, y: 132.24101, z: 7.9590006}
--- !u!1 &8971152690849434937
GameObject:
  m_ObjectHideFlags: 0
  m_CorrespondingSourceObject: {fileID: 0}
  m_PrefabInstance: {fileID: 0}
  m_PrefabAsset: {fileID: 0}
  serializedVersion: 6
  m_Component:
  - component: {fileID: 8971152690849434941}
  - component: {fileID: 8971152690849434942}
  - component: {fileID: 8971152690849434943}
  - component: {fileID: 8971152690849434936}
  m_Layer: 5
  m_Name: TouchCanvas
  m_TagString: Untagged
  m_Icon: {fileID: 0}
  m_NavMeshLayer: 0
  m_StaticEditorFlags: 0
  m_IsActive: 1
--- !u!224 &8971152690849434941
RectTransform:
  m_ObjectHideFlags: 0
  m_CorrespondingSourceObject: {fileID: 0}
  m_PrefabInstance: {fileID: 0}
  m_PrefabAsset: {fileID: 0}
  m_GameObject: {fileID: 8971152690849434937}
  m_LocalRotation: {x: 0, y: 0, z: 0, w: 1}
  m_LocalPosition: {x: 0, y: 0, z: 0}
  m_LocalScale: {x: 0, y: 0, z: 0}
  m_ConstrainProportionsScale: 0
  m_Children:
  - {fileID: 6521884060537825739}
  - {fileID: 6520200006536444342}
  - {fileID: 1019797403887832926}
  - {fileID: 8971152689963108412}
  - {fileID: 7964170355332711377}
  - {fileID: 4533904098162524363}
  - {fileID: 8971152691036579701}
  m_Father: {fileID: 0}
  m_RootOrder: 0
  m_LocalEulerAnglesHint: {x: 0, y: 0, z: 0}
  m_AnchorMin: {x: 0, y: 0}
  m_AnchorMax: {x: 0, y: 0}
  m_AnchoredPosition: {x: 0, y: 0}
  m_SizeDelta: {x: 0, y: 0}
  m_Pivot: {x: 0, y: 0}
--- !u!223 &8971152690849434942
Canvas:
  m_ObjectHideFlags: 0
  m_CorrespondingSourceObject: {fileID: 0}
  m_PrefabInstance: {fileID: 0}
  m_PrefabAsset: {fileID: 0}
  m_GameObject: {fileID: 8971152690849434937}
  m_Enabled: 1
  serializedVersion: 3
  m_RenderMode: 0
  m_Camera: {fileID: 0}
  m_PlaneDistance: 100
  m_PixelPerfect: 0
  m_ReceivesEvents: 1
  m_OverrideSorting: 0
  m_OverridePixelPerfect: 0
  m_SortingBucketNormalizedSize: 0
  m_AdditionalShaderChannelsFlag: 25
  m_SortingLayerID: 0
  m_SortingOrder: 0
  m_TargetDisplay: 0
--- !u!114 &8971152690849434943
MonoBehaviour:
  m_ObjectHideFlags: 0
  m_CorrespondingSourceObject: {fileID: 0}
  m_PrefabInstance: {fileID: 0}
  m_PrefabAsset: {fileID: 0}
  m_GameObject: {fileID: 8971152690849434937}
  m_Enabled: 1
  m_EditorHideFlags: 0
  m_Script: {fileID: 11500000, guid: 0cd44c1031e13a943bb63640046fad76, type: 3}
  m_Name: 
  m_EditorClassIdentifier: 
  m_UiScaleMode: 1
  m_ReferencePixelsPerUnit: 100
  m_ScaleFactor: 1
  m_ReferenceResolution: {x: 800, y: 600}
  m_ScreenMatchMode: 0
  m_MatchWidthOrHeight: 1
  m_PhysicalUnit: 3
  m_FallbackScreenDPI: 96
  m_DefaultSpriteDPI: 96
  m_DynamicPixelsPerUnit: 1
  m_PresetInfoIsWorld: 0
--- !u!114 &8971152690849434936
MonoBehaviour:
  m_ObjectHideFlags: 0
  m_CorrespondingSourceObject: {fileID: 0}
  m_PrefabInstance: {fileID: 0}
  m_PrefabAsset: {fileID: 0}
  m_GameObject: {fileID: 8971152690849434937}
  m_Enabled: 1
  m_EditorHideFlags: 0
  m_Script: {fileID: 11500000, guid: dc42784cf147c0c48a680349fa168899, type: 3}
  m_Name: 
  m_EditorClassIdentifier: 
  m_IgnoreReversedGraphics: 1
  m_BlockingObjects: 0
  m_BlockingMask:
    serializedVersion: 2
    m_Bits: 4294967295
--- !u!1 &8971152691036579696
GameObject:
  m_ObjectHideFlags: 0
  m_CorrespondingSourceObject: {fileID: 0}
  m_PrefabInstance: {fileID: 0}
  m_PrefabAsset: {fileID: 0}
  serializedVersion: 6
  m_Component:
  - component: {fileID: 8971152691036579701}
  - component: {fileID: 8971152691036579702}
  - component: {fileID: 8971152691036579703}
  - component: {fileID: 8971152691036579700}
  m_Layer: 0
  m_Name: RoundedCube
  m_TagString: Untagged
  m_Icon: {fileID: 0}
  m_NavMeshLayer: 0
  m_StaticEditorFlags: 0
  m_IsActive: 1
--- !u!4 &8971152691036579701
Transform:
  m_ObjectHideFlags: 0
  m_CorrespondingSourceObject: {fileID: 0}
  m_PrefabInstance: {fileID: 0}
  m_PrefabAsset: {fileID: 0}
  m_GameObject: {fileID: 8971152691036579696}
  m_LocalRotation: {x: -0, y: -0, z: -0, w: 1}
  m_LocalPosition: {x: -553.94446, y: -258.27225, z: 57.88889}
  m_LocalScale: {x: 8.333334, y: 2.777778, z: 8.333334}
  m_ConstrainProportionsScale: 0
  m_Children:
  - {fileID: 8971152690564941396}
  - {fileID: 8971152690147159358}
  m_Father: {fileID: 8971152690849434941}
  m_RootOrder: 6
  m_LocalEulerAnglesHint: {x: 0, y: 0, z: 0}
--- !u!33 &8971152691036579702
MeshFilter:
  m_ObjectHideFlags: 0
  m_CorrespondingSourceObject: {fileID: 0}
  m_PrefabInstance: {fileID: 0}
  m_PrefabAsset: {fileID: 0}
  m_GameObject: {fileID: 8971152691036579696}
  m_Mesh: {fileID: 4300002, guid: f36c148914c8e05498dad1ca7becaa2e, type: 3}
--- !u!23 &8971152691036579703
MeshRenderer:
  m_ObjectHideFlags: 0
  m_CorrespondingSourceObject: {fileID: 0}
  m_PrefabInstance: {fileID: 0}
  m_PrefabAsset: {fileID: 0}
  m_GameObject: {fileID: 8971152691036579696}
  m_Enabled: 1
  m_CastShadows: 1
  m_ReceiveShadows: 1
  m_DynamicOccludee: 1
  m_StaticShadowCaster: 0
  m_MotionVectors: 1
  m_LightProbeUsage: 1
  m_ReflectionProbeUsage: 1
  m_RayTracingMode: 2
  m_RayTraceProcedural: 0
  m_RenderingLayerMask: 1
  m_RendererPriority: 0
  m_Materials:
  - {fileID: 2100000, guid: 8de50b6f1ab959c4ab4ebdf0cb0fd344, type: 2}
  m_StaticBatchInfo:
    firstSubMesh: 0
    subMeshCount: 0
  m_StaticBatchRoot: {fileID: 0}
  m_ProbeAnchor: {fileID: 0}
  m_LightProbeVolumeOverride: {fileID: 0}
  m_ScaleInLightmap: 1
  m_ReceiveGI: 1
  m_PreserveUVs: 0
  m_IgnoreNormalsForChartDetection: 0
  m_ImportantGI: 0
  m_StitchLightmapSeams: 1
  m_SelectedEditorRenderState: 3
  m_MinimumChartSize: 4
  m_AutoUVMaxDistance: 0.5
  m_AutoUVMaxAngle: 89
  m_LightmapParameters: {fileID: 0}
  m_SortingLayerID: 0
  m_SortingLayer: 0
  m_SortingOrder: 0
  m_AdditionalVertexStreams: {fileID: 0}
--- !u!64 &8971152691036579700
MeshCollider:
  m_ObjectHideFlags: 0
  m_CorrespondingSourceObject: {fileID: 0}
  m_PrefabInstance: {fileID: 0}
  m_PrefabAsset: {fileID: 0}
  m_GameObject: {fileID: 8971152691036579696}
  m_Material: {fileID: 0}
  m_IsTrigger: 0
  m_Enabled: 1
  serializedVersion: 4
  m_Convex: 0
  m_CookingOptions: 30
  m_Mesh: {fileID: 4300002, guid: f36c148914c8e05498dad1ca7becaa2e, type: 3}
--- !u!1001 &8971152690033671959
PrefabInstance:
  m_ObjectHideFlags: 0
  serializedVersion: 2
  m_Modification:
    m_TransformParent: {fileID: 8971152690849434941}
    m_Modifications:
    - target: {fileID: 2739183130650183329, guid: bda675793baed0e459fb3af1504fed2d,
        type: 3}
      propertyPath: m_Pivot.x
      value: 0.5
      objectReference: {fileID: 0}
    - target: {fileID: 2739183130650183329, guid: bda675793baed0e459fb3af1504fed2d,
        type: 3}
      propertyPath: m_Pivot.y
      value: 0.5
      objectReference: {fileID: 0}
    - target: {fileID: 2739183130650183329, guid: bda675793baed0e459fb3af1504fed2d,
        type: 3}
      propertyPath: m_RootOrder
      value: 1
      objectReference: {fileID: 0}
    - target: {fileID: 2739183130650183329, guid: bda675793baed0e459fb3af1504fed2d,
        type: 3}
      propertyPath: m_AnchorMax.x
      value: 0
      objectReference: {fileID: 0}
    - target: {fileID: 2739183130650183329, guid: bda675793baed0e459fb3af1504fed2d,
        type: 3}
      propertyPath: m_AnchorMax.y
      value: 0
      objectReference: {fileID: 0}
    - target: {fileID: 2739183130650183329, guid: bda675793baed0e459fb3af1504fed2d,
        type: 3}
      propertyPath: m_AnchorMin.x
      value: 0
      objectReference: {fileID: 0}
    - target: {fileID: 2739183130650183329, guid: bda675793baed0e459fb3af1504fed2d,
        type: 3}
      propertyPath: m_AnchorMin.y
      value: 0
      objectReference: {fileID: 0}
    - target: {fileID: 2739183130650183329, guid: bda675793baed0e459fb3af1504fed2d,
        type: 3}
      propertyPath: m_SizeDelta.x
      value: 416.07614
      objectReference: {fileID: 0}
    - target: {fileID: 2739183130650183329, guid: bda675793baed0e459fb3af1504fed2d,
        type: 3}
      propertyPath: m_SizeDelta.y
      value: 54.864624
      objectReference: {fileID: 0}
    - target: {fileID: 2739183130650183329, guid: bda675793baed0e459fb3af1504fed2d,
        type: 3}
      propertyPath: m_LocalPosition.x
      value: 0
      objectReference: {fileID: 0}
    - target: {fileID: 2739183130650183329, guid: bda675793baed0e459fb3af1504fed2d,
        type: 3}
      propertyPath: m_LocalPosition.y
      value: 0
      objectReference: {fileID: 0}
    - target: {fileID: 2739183130650183329, guid: bda675793baed0e459fb3af1504fed2d,
        type: 3}
      propertyPath: m_LocalPosition.z
      value: 0
      objectReference: {fileID: 0}
    - target: {fileID: 2739183130650183329, guid: bda675793baed0e459fb3af1504fed2d,
        type: 3}
      propertyPath: m_LocalRotation.w
      value: 1
      objectReference: {fileID: 0}
    - target: {fileID: 2739183130650183329, guid: bda675793baed0e459fb3af1504fed2d,
        type: 3}
      propertyPath: m_LocalRotation.x
      value: -0
      objectReference: {fileID: 0}
    - target: {fileID: 2739183130650183329, guid: bda675793baed0e459fb3af1504fed2d,
        type: 3}
      propertyPath: m_LocalRotation.y
      value: -0
      objectReference: {fileID: 0}
    - target: {fileID: 2739183130650183329, guid: bda675793baed0e459fb3af1504fed2d,
        type: 3}
      propertyPath: m_LocalRotation.z
      value: -0
      objectReference: {fileID: 0}
    - target: {fileID: 2739183130650183329, guid: bda675793baed0e459fb3af1504fed2d,
        type: 3}
      propertyPath: m_AnchoredPosition.x
      value: 208.04
      objectReference: {fileID: 0}
    - target: {fileID: 2739183130650183329, guid: bda675793baed0e459fb3af1504fed2d,
        type: 3}
      propertyPath: m_AnchoredPosition.y
      value: 131.7
      objectReference: {fileID: 0}
    - target: {fileID: 2739183130650183329, guid: bda675793baed0e459fb3af1504fed2d,
        type: 3}
      propertyPath: m_LocalEulerAnglesHint.x
      value: 0
      objectReference: {fileID: 0}
    - target: {fileID: 2739183130650183329, guid: bda675793baed0e459fb3af1504fed2d,
        type: 3}
      propertyPath: m_LocalEulerAnglesHint.y
      value: 0
      objectReference: {fileID: 0}
    - target: {fileID: 2739183130650183329, guid: bda675793baed0e459fb3af1504fed2d,
        type: 3}
      propertyPath: m_LocalEulerAnglesHint.z
      value: 0
      objectReference: {fileID: 0}
    - target: {fileID: 2739183130650183334, guid: bda675793baed0e459fb3af1504fed2d,
        type: 3}
      propertyPath: m_Name
      value: StopFocusingBtn
      objectReference: {fileID: 0}
    m_RemovedComponents: []
  m_SourcePrefab: {fileID: 100100000, guid: bda675793baed0e459fb3af1504fed2d, type: 3}
--- !u!224 &6520200006536444342 stripped
RectTransform:
  m_CorrespondingSourceObject: {fileID: 2739183130650183329, guid: bda675793baed0e459fb3af1504fed2d,
    type: 3}
  m_PrefabInstance: {fileID: 8971152690033671959}
  m_PrefabAsset: {fileID: 0}
--- !u!1001 &8971152690385390420
PrefabInstance:
  m_ObjectHideFlags: 0
  serializedVersion: 2
  m_Modification:
    m_TransformParent: {fileID: 8971152690849434941}
    m_Modifications:
    - target: {fileID: 4797536564577848193, guid: f6b5b95ab71ae0e42b160acc4b82f015,
        type: 3}
      propertyPath: m_Name
      value: TouchCameraInputs
      objectReference: {fileID: 0}
    - target: {fileID: 4797536564577848223, guid: f6b5b95ab71ae0e42b160acc4b82f015,
        type: 3}
      propertyPath: m_RootOrder
      value: 5
      objectReference: {fileID: 0}
    - target: {fileID: 4797536564577848223, guid: f6b5b95ab71ae0e42b160acc4b82f015,
        type: 3}
      propertyPath: m_LocalScale.x
      value: 0.5555556
      objectReference: {fileID: 0}
    - target: {fileID: 4797536564577848223, guid: f6b5b95ab71ae0e42b160acc4b82f015,
        type: 3}
      propertyPath: m_LocalScale.y
      value: 0.5555556
      objectReference: {fileID: 0}
    - target: {fileID: 4797536564577848223, guid: f6b5b95ab71ae0e42b160acc4b82f015,
        type: 3}
      propertyPath: m_LocalScale.z
      value: 0.5555556
      objectReference: {fileID: 0}
    - target: {fileID: 4797536564577848223, guid: f6b5b95ab71ae0e42b160acc4b82f015,
        type: 3}
      propertyPath: m_LocalPosition.x
      value: -533.3334
      objectReference: {fileID: 0}
    - target: {fileID: 4797536564577848223, guid: f6b5b95ab71ae0e42b160acc4b82f015,
        type: 3}
      propertyPath: m_LocalPosition.y
      value: -300
      objectReference: {fileID: 0}
    - target: {fileID: 4797536564577848223, guid: f6b5b95ab71ae0e42b160acc4b82f015,
        type: 3}
      propertyPath: m_LocalPosition.z
      value: 0
      objectReference: {fileID: 0}
    - target: {fileID: 4797536564577848223, guid: f6b5b95ab71ae0e42b160acc4b82f015,
        type: 3}
      propertyPath: m_LocalRotation.w
      value: 1
      objectReference: {fileID: 0}
    - target: {fileID: 4797536564577848223, guid: f6b5b95ab71ae0e42b160acc4b82f015,
        type: 3}
      propertyPath: m_LocalRotation.x
      value: -0
      objectReference: {fileID: 0}
    - target: {fileID: 4797536564577848223, guid: f6b5b95ab71ae0e42b160acc4b82f015,
        type: 3}
      propertyPath: m_LocalRotation.y
      value: -0
      objectReference: {fileID: 0}
    - target: {fileID: 4797536564577848223, guid: f6b5b95ab71ae0e42b160acc4b82f015,
        type: 3}
      propertyPath: m_LocalRotation.z
      value: -0
      objectReference: {fileID: 0}
    - target: {fileID: 4797536564577848223, guid: f6b5b95ab71ae0e42b160acc4b82f015,
        type: 3}
      propertyPath: m_LocalEulerAnglesHint.x
      value: 0
      objectReference: {fileID: 0}
    - target: {fileID: 4797536564577848223, guid: f6b5b95ab71ae0e42b160acc4b82f015,
        type: 3}
      propertyPath: m_LocalEulerAnglesHint.y
      value: 0
      objectReference: {fileID: 0}
    - target: {fileID: 4797536564577848223, guid: f6b5b95ab71ae0e42b160acc4b82f015,
        type: 3}
      propertyPath: m_LocalEulerAnglesHint.z
      value: 0
      objectReference: {fileID: 0}
    m_RemovedComponents: []
  m_SourcePrefab: {fileID: 100100000, guid: f6b5b95ab71ae0e42b160acc4b82f015, type: 3}
--- !u!4 &4533904098162524363 stripped
Transform:
  m_CorrespondingSourceObject: {fileID: 4797536564577848223, guid: f6b5b95ab71ae0e42b160acc4b82f015,
    type: 3}
  m_PrefabInstance: {fileID: 8971152690385390420}
  m_PrefabAsset: {fileID: 0}
--- !u!1001 &8971152690837230239
PrefabInstance:
  m_ObjectHideFlags: 0
  serializedVersion: 2
  m_Modification:
    m_TransformParent: {fileID: 8971152690849434941}
    m_Modifications:
    - target: {fileID: 2809556949485218841, guid: bb2ad19467e17894e968a13ac738ad74,
        type: 3}
      propertyPath: m_text
      value: 'Free Camera Demo

        (beta)'
      objectReference: {fileID: 0}
    - target: {fileID: 2809556949485219303, guid: bb2ad19467e17894e968a13ac738ad74,
        type: 3}
      propertyPath: m_AnchorMax.y
      value: 0
      objectReference: {fileID: 0}
    - target: {fileID: 2809556949485219303, guid: bb2ad19467e17894e968a13ac738ad74,
        type: 3}
      propertyPath: m_AnchorMin.y
      value: 0
      objectReference: {fileID: 0}
    - target: {fileID: 2809556949485219303, guid: bb2ad19467e17894e968a13ac738ad74,
        type: 3}
      propertyPath: m_SizeDelta.x
      value: 0
      objectReference: {fileID: 0}
    - target: {fileID: 2809556949485219303, guid: bb2ad19467e17894e968a13ac738ad74,
        type: 3}
      propertyPath: m_SizeDelta.y
      value: 0
      objectReference: {fileID: 0}
    - target: {fileID: 2809556949485219303, guid: bb2ad19467e17894e968a13ac738ad74,
        type: 3}
      propertyPath: m_AnchoredPosition.x
      value: 93.6
      objectReference: {fileID: 0}
    - target: {fileID: 2809556949485219303, guid: bb2ad19467e17894e968a13ac738ad74,
        type: 3}
      propertyPath: m_AnchoredPosition.y
      value: 0
      objectReference: {fileID: 0}
    - target: {fileID: 2809556949606546260, guid: bb2ad19467e17894e968a13ac738ad74,
        type: 3}
      propertyPath: m_Pivot.x
      value: 0
      objectReference: {fileID: 0}
    - target: {fileID: 2809556949606546260, guid: bb2ad19467e17894e968a13ac738ad74,
        type: 3}
      propertyPath: m_Pivot.y
      value: 0
      objectReference: {fileID: 0}
    - target: {fileID: 2809556949606546260, guid: bb2ad19467e17894e968a13ac738ad74,
        type: 3}
      propertyPath: m_RootOrder
      value: 0
      objectReference: {fileID: 0}
    - target: {fileID: 2809556949606546260, guid: bb2ad19467e17894e968a13ac738ad74,
        type: 3}
      propertyPath: m_AnchorMax.x
      value: 0
      objectReference: {fileID: 0}
    - target: {fileID: 2809556949606546260, guid: bb2ad19467e17894e968a13ac738ad74,
        type: 3}
      propertyPath: m_AnchorMax.y
      value: 0
      objectReference: {fileID: 0}
    - target: {fileID: 2809556949606546260, guid: bb2ad19467e17894e968a13ac738ad74,
        type: 3}
      propertyPath: m_AnchorMin.x
      value: 0
      objectReference: {fileID: 0}
    - target: {fileID: 2809556949606546260, guid: bb2ad19467e17894e968a13ac738ad74,
        type: 3}
      propertyPath: m_AnchorMin.y
      value: 0
      objectReference: {fileID: 0}
    - target: {fileID: 2809556949606546260, guid: bb2ad19467e17894e968a13ac738ad74,
        type: 3}
      propertyPath: m_SizeDelta.x
      value: 0
      objectReference: {fileID: 0}
    - target: {fileID: 2809556949606546260, guid: bb2ad19467e17894e968a13ac738ad74,
        type: 3}
      propertyPath: m_SizeDelta.y
      value: 62.137085
      objectReference: {fileID: 0}
    - target: {fileID: 2809556949606546260, guid: bb2ad19467e17894e968a13ac738ad74,
        type: 3}
      propertyPath: m_LocalPosition.x
      value: 0
      objectReference: {fileID: 0}
    - target: {fileID: 2809556949606546260, guid: bb2ad19467e17894e968a13ac738ad74,
        type: 3}
      propertyPath: m_LocalPosition.y
      value: 0
      objectReference: {fileID: 0}
    - target: {fileID: 2809556949606546260, guid: bb2ad19467e17894e968a13ac738ad74,
        type: 3}
      propertyPath: m_LocalPosition.z
      value: 0
      objectReference: {fileID: 0}
    - target: {fileID: 2809556949606546260, guid: bb2ad19467e17894e968a13ac738ad74,
        type: 3}
      propertyPath: m_LocalRotation.w
      value: 1
      objectReference: {fileID: 0}
    - target: {fileID: 2809556949606546260, guid: bb2ad19467e17894e968a13ac738ad74,
        type: 3}
      propertyPath: m_LocalRotation.x
      value: 0
      objectReference: {fileID: 0}
    - target: {fileID: 2809556949606546260, guid: bb2ad19467e17894e968a13ac738ad74,
        type: 3}
      propertyPath: m_LocalRotation.y
      value: 0
      objectReference: {fileID: 0}
    - target: {fileID: 2809556949606546260, guid: bb2ad19467e17894e968a13ac738ad74,
        type: 3}
      propertyPath: m_LocalRotation.z
      value: 0
      objectReference: {fileID: 0}
    - target: {fileID: 2809556949606546260, guid: bb2ad19467e17894e968a13ac738ad74,
        type: 3}
      propertyPath: m_AnchoredPosition.x
      value: 0
      objectReference: {fileID: 0}
    - target: {fileID: 2809556949606546260, guid: bb2ad19467e17894e968a13ac738ad74,
        type: 3}
      propertyPath: m_AnchoredPosition.y
      value: 20.28003
      objectReference: {fileID: 0}
    - target: {fileID: 2809556949606546260, guid: bb2ad19467e17894e968a13ac738ad74,
        type: 3}
      propertyPath: m_LocalEulerAnglesHint.x
      value: 0
      objectReference: {fileID: 0}
    - target: {fileID: 2809556949606546260, guid: bb2ad19467e17894e968a13ac738ad74,
        type: 3}
      propertyPath: m_LocalEulerAnglesHint.y
      value: 0
      objectReference: {fileID: 0}
    - target: {fileID: 2809556949606546260, guid: bb2ad19467e17894e968a13ac738ad74,
        type: 3}
      propertyPath: m_LocalEulerAnglesHint.z
      value: 0
      objectReference: {fileID: 0}
    - target: {fileID: 2809556949606546261, guid: bb2ad19467e17894e968a13ac738ad74,
        type: 3}
      propertyPath: m_Name
      value: Description
      objectReference: {fileID: 0}
    - target: {fileID: 8461548111780053972, guid: bb2ad19467e17894e968a13ac738ad74,
        type: 3}
      propertyPath: m_AnchorMax.y
      value: 0
      objectReference: {fileID: 0}
    - target: {fileID: 8461548111780053972, guid: bb2ad19467e17894e968a13ac738ad74,
        type: 3}
      propertyPath: m_AnchorMin.y
      value: 0
      objectReference: {fileID: 0}
    - target: {fileID: 8461548111780053972, guid: bb2ad19467e17894e968a13ac738ad74,
        type: 3}
      propertyPath: m_AnchoredPosition.x
      value: 0
      objectReference: {fileID: 0}
    - target: {fileID: 8461548111780053972, guid: bb2ad19467e17894e968a13ac738ad74,
        type: 3}
      propertyPath: m_AnchoredPosition.y
      value: 0
      objectReference: {fileID: 0}
    - target: {fileID: 8477502312451737036, guid: bb2ad19467e17894e968a13ac738ad74,
        type: 3}
      propertyPath: m_AnchorMax.y
      value: 0
      objectReference: {fileID: 0}
    - target: {fileID: 8477502312451737036, guid: bb2ad19467e17894e968a13ac738ad74,
        type: 3}
      propertyPath: m_AnchorMin.y
      value: 0
      objectReference: {fileID: 0}
    - target: {fileID: 8477502312451737036, guid: bb2ad19467e17894e968a13ac738ad74,
        type: 3}
      propertyPath: m_AnchoredPosition.x
      value: 0
      objectReference: {fileID: 0}
    - target: {fileID: 8477502312451737036, guid: bb2ad19467e17894e968a13ac738ad74,
        type: 3}
      propertyPath: m_AnchoredPosition.y
      value: 0
      objectReference: {fileID: 0}
    m_RemovedComponents: []
  m_SourcePrefab: {fileID: 100100000, guid: bb2ad19467e17894e968a13ac738ad74, type: 3}
--- !u!224 &6521884060537825739 stripped
RectTransform:
  m_CorrespondingSourceObject: {fileID: 2809556949606546260, guid: bb2ad19467e17894e968a13ac738ad74,
    type: 3}
  m_PrefabInstance: {fileID: 8971152690837230239}
  m_PrefabAsset: {fileID: 0}
